@article{zasloff2002antimicrobial,
	title={Antimicrobial peptides of multicellular organisms},
	author={Zasloff, Michael},
	journal={nature},
	volume={415},
	number={6870},
	pages={389--395},
	year={2002},
	publisher={Nature Publishing Group}
}

@article{Khandeparkar, Anmol et al.,
	title={An Introduction to Hybrid Platform Mobile Application Development},
	author={Khandeparkar, Michael},
	journal={nature},
	volume={415},
	number={6870},
	pages={389--395},
	year={2002},
	publisher={Nature Publishing Group}
}


\begin{thebibliography}{1}
\bibitem{IEEEhowto:Khandeparkar}
Khandeparkar, Anmol et al. “An Introduction to Hybrid Platform Mobile Application Development.” (2015).
\end{thebibliography}


https://developer.salesforce.com/index.php?title=Native,_HTML5,_or_Hybrid:_Understanding_Your_Mobile_Application_Development_Options&oldid=51601

https://pcmh.ahrq.gov/sites/default/files/attachments/MixedMethods_032513comp.pdf