% 1.
@misc{firebase,
    title = "Firebase",
    url = "https://firebase.google.com/"
}
% 2.
@misc{firebase_products,
    title = "Firebase Products",
    url = "https://firebase.google.com/products"
}
% 3.
@misc{salesforce_native_hyrbid,
    title = "Native, HTML5, or Hybrid: Understanding Your Mobile Application Development Options",
    url = "https://developer.salesforce.com/index.php?title=Native,_HTML5,_or_Hybrid:_Understanding_Your_Mobile_Application_Development_Options&oldid=51601"
}
% 4.
@misc{react_native_ex10,
    title = "Airbnb moving away from react native",
    url = "https://medium.com/airbnb-engineering/react-native-at-airbnb-f95aa460be1c"
}

% 5.
@misc{react_native_ex20,
    title = "React Native article by a Airbnb, Google Android Developer",
    url = "https://medium.com/airbnb-engineering/sunsetting-react-native-1868ba28e30a"
}

% 6.
@misc{android_perf_tips,
    title = "Android Performance tips",
    url = "https://developer.android.com/training/articles/perf-tips.html"
}
% 7.
@misc{firebase_docs,
    title = "Firebase Android Documentation",
    url = "https://firebase.google.com/docs/android/setup"
}
% 8.
@misc{firebase_docs_auth,
    title = "Firebase Authenication Docs",
    url = "https://firebase.google.com/docs/auth"
}
% 9.
@misc{firebase_docs_realtimedb,
    title = "Firebase Realtime Database Docs",
    url = "https://firebase.google.com/docs/database"
}
% 10.
@misc{firebase_docs_storage,
    title = "Firebase Cloud Storage",
    url = "https://firebase.google.com/docs/storage"
}
% 11.
@misc{phone_market_share,
    title = "Smartphone Market Share",
    url = "https://www.idc.com/promo/smartphone-market-share/os"
}
% 12.
@misc{codelab_android,
    title = "Firebase Android Google tutorial",
    url = "https://codelabs.developers.google.com/codelabs/firebase-android/#0"
}
% 13.
@misc{firebase_pricing,
    title = "Firebase pricing",
    url = "https://firebase.google.com/pricing"
}
% 14.
@misc{picasso_github,
    title = "Picasso Source Code/GitHub",
    url = "https://github.com/square/picasso"
}

% 15.
@misc{badges,
    title = "Badges/Shield.io for Readme's",
    url = "https://github.com/badges/shields"
}

% 16.
@misc{FDD,
    title = "Feature-Driven Development",
    url = "https://en.wikipedia.org/wiki/Feature-driven_development"
}
% 17.
@misc{FDD_paper1,
    title = "Feature-Driven Development compared to XP",
    url = "http://www.featuredrivendevelopment.com/files/FDD_vs_XP.pdf"
}
% 18.
@misc{docu_article1,
    title = "Technical Documentation in Software Development",
    url = "https://www.altexsoft.com/blog/business/technical-documentation-in-software-development-types-best-practices-and-tools/"
}
% 19.
@misc{Cont_delivery_1,
    title = "Anatomy of Android Continuous Delivery",
    url = "https://medium.com/the-telegraph-engineering/android-continuous-delivery-fb41da63176"
}
% 20.
@misc{Cont_delivery_2,
    title = "Continuous Delivery Article",
    url = "https://www.atlassian.com/continuous-delivery/principles/continuous-integration-vs-delivery-vs-deployment"
}
% 21.
@misc{android_key_sign,
    title = "Key Signing for Google App Store",
    url = "https://developer.android.com/studio/publish/app-signing"
}
% 22.
@misc{cd_gitlab,
    title = "GitLab Continuous Delivery Software tool",
    url = "https://docs.gitlab.com/ee/ci/"
}
% 23.
@misc{cd_circleci,
    title = "CircleCI Continuous Delivery Software tool",
    url = "https://circleci.com/docs/2.0/about-circleci"
}
% 24.
@misc{cd_codeship,
    title = "CodeShip Continuous Delivery Software tool",
    url = "https://documentation.codeship.com/basic/quickstart/getting-started"
}
% 25.
@misc{cd_github,
    title = "Github Actions CI/CD tool",
    url = "https://github.com/features/actions"
}
% 26.
@misc{cd_aws,
    title = "AWS Pipeline CI/CD tool",
    url = "https://aws.amazon.com/getting-started/projects/set-up-ci-cd-pipeline/"
}
% 26.
@misc{mob_app_paper_challenges,
    title = "Real Challenges in Mobile App Development",
    url = "http://citeseerx.ist.psu.edu/viewdoc/download?doi=10.1.1.724.2463&rep=rep1&type=pdf"
}
% 27.
@misc{mvp_paper,
    title = "Minimum Viable Product Approach",
    url = "https://link.springer.com/chapter/10.1007/978-3-319-33515-5_10"
}
% 28.
@misc{ionic_hybid_app,
    title = "Ionic, What is Hybrid App Development?",
    url = "https://ionicframework.com/resources/articles/what-is-hybrid-app-development"
}
% 29.
@misc{cordova_hybid_app,
    title = "Cordova, What is Hybrid App Development?",
    url = "https://cordova.apache.org/docs/en/latest/guide/overview/"
}
% 30.
@misc{ionic_hybrid_roi,
    title = "Ionic, Return on Investment vs Native applications",
    url = "https://ionicframework.com/resources/articles/roi-hybrid-vs-native"
}
% 31.
@misc{android_sup_java,
    title = "Android onyl supports Java 7 and a Subset of Java 8",
    url = "https://developer.android.com/studio/write/java8-support"
}
% 32.
@misc{android_single_activity_summitvid,
    title = "Single Activity: Why, When, and How (Android Dev Summit '18)",
    url = "https://www.youtube.com/watch?v=2k8x8V77CrU"
}
% 33.
@misc{android_single_activity_blog,
    title = "Single Activity: Use Android Jetpack to Accelerate Your App Development",
    url = "https://android-developers.googleblog.com/2018/05/use-android-jetpack-to-accelerate-your.html?m=1"
}
% 34.
@misc{android_activity_docs,
    title = "Single Activity: Use Android Jetpack to Accelerate Your App Development",
    url = "https://developer.android.com/reference/kotlin/android/app/Activity"
}
% 35.
@misc{android_activity_fragments,
    title = "Android Acivity - Fragments",
    url = "https://developer.android.com/guide/components/fragments.html"
}
% 36.
@misc{android_guide_arc,
    title = "Android, Guide to app architecture",
    url = "https://developer.android.com/jetpack/docs/guide"
}
% 37.
@misc{paper,
    title = "Paper Document ion and GitHub",
    url = "https://github.com/pilgr/Paper"
}
% 38.
@misc{android_jetpack,
    title = "Android Jetpack",
    url = "https://developer.android.com/jetpack"
}
% 39.
@misc{android_lifecycles,
    title = "Android Jetpack LifeCycles",
    url = "https://developer.android.com/topic/libraries/architecture/lifecycle"
}



